%% This BibTeX bibliography file was created using BibDesk.
%% http://bibdesk.sourceforge.net/

%% Created for Marcell at 2012-04-30 22:55:36 +0200 

%% Saved with string encoding Unicode (UTF-8) 


@webpage{hager2012,
	Address = {http://www.hager.de/},
	Author = {Hager},
	Date-Added = {2012-04-30 20:39:07 +0000},
	Date-Modified = {2012-04-30 20:55:03 +0000},
	Keywords = {Sicherungen, Hager},
	Month = {10.April},
	Rating = {4},
	Read = {1},
	Year = {2012, URL http://www.hager.de/},
	Bdsk-Url-1 = {http://www.hager.de/}}
